<?xml version="1.0" encoding="UTF-8"?><collection xmlns="http://www.loc.gov/MARC21/slim"><record><leader>00371nam--2200121-i-4500</leader><controlfield tag="001">000001268</controlfield><controlfield tag="002">20161230</controlfield><controlfield tag="005">20161230201024</controlfield><controlfield tag="008">060222s1000------------r-----000-0-eng-d</controlfield><datafield ind1=" " ind2=" " tag="100"><subfield code="a">Henze, A</subfield></datafield><datafield ind1=" " ind2=" " tag="245"><subfield code="a">Pregatirea productiei in intreprinderile constructoare de masini cu productie unicala. traducere din lb.germana</subfield></datafield><datafield ind1=" " ind2=" " tag="260"><subfield code="a">Bucuresti, I.D.T.., 1959. 126 P</subfield></datafield><datafield ind1=" " ind2=" " tag="852"><subfield code="a">6072</subfield></datafield></record></collection>